<?xml version="1.0" encoding="UTF-8"?>
<SOAP-ENV:Envelope xmlns:SOAP-ENV="http://schemas.xmlsoap.org/soap/envelope/" xmlns:of="http://oss.dbc.dk/ns/openformat" xmlns:ofo="http://oss.dbc.dk/ns/openformatoutput"><SOAP-ENV:Body><of:formatResponse><marc21><mx:record xmlns:mx="http://www.loc.gov/MARC21/slim" format="MARC21" type="Bibliographic"><mx:leader>00000nam a22000000c 4500</mx:leader><mx:controlfield tag="007">cr||||</mx:controlfield><mx:controlfield tag="008">091215s2009    dk |||||o     00||f dan|d</mx:controlfield><mx:datafield ind1=" " ind2=" " tag="020"><mx:subfield code="a">9788702087314</mx:subfield><mx:subfield code="c">kr. 99,00</mx:subfield></mx:datafield><mx:datafield ind1="1" ind2=" " tag="029"><mx:subfield code="a">DKDLA</mx:subfield><mx:subfield code="b">870970-basis:28057725</mx:subfield></mx:datafield><mx:datafield ind1=" " ind2=" " tag="040"><mx:subfield code="a">DKDLA</mx:subfield><mx:subfield code="b">dan</mx:subfield><mx:subfield code="c">DKDLA</mx:subfield></mx:datafield><mx:datafield ind1=" " ind2=" " tag="084"><mx:subfield code="a">86:05</mx:subfield><mx:subfield code="2">z</mx:subfield></mx:datafield><mx:datafield ind1="1" ind2=" " tag="100"><mx:subfield code="a">Bang, Herman</mx:subfield><mx:subfield code="4">aut</mx:subfield></mx:datafield><mx:datafield ind1="1" ind2="0" tag="245"><mx:subfield code="a">Ludvigsbakke</mx:subfield></mx:datafield><mx:datafield ind1=" " ind2=" " tag="250"><mx:subfield code="a">1. e-bogsudgave</mx:subfield></mx:datafield><mx:datafield ind1=" " ind2=" " tag="260"><mx:subfield code="b">Gyldendal,</mx:subfield><mx:subfield code="c">2009</mx:subfield></mx:datafield><mx:datafield ind1="1" ind2=" " tag="490"><mx:subfield code="a">Gyldendals e-bøger</mx:subfield></mx:datafield><mx:datafield ind1=" " ind2=" " tag="500"><mx:subfield code="a">Originaludgave: 1896</mx:subfield></mx:datafield><mx:datafield ind1=" " ind2="0" tag="830"><mx:subfield code="a">Gyldendals e-bøger</mx:subfield></mx:datafield><mx:datafield ind1=" " ind2=" " tag="856"><mx:subfield code="z">Adgangsmåde: Internet</mx:subfield><mx:subfield code="u">http://ebog.dk/apc/direct.php?ISBN="9788702087314"</mx:subfield><mx:subfield code="z">Adgang til køb ved udgivelsen</mx:subfield></mx:datafield></mx:record><hs activity="insert">DKDLA</hs><hs activity="insert">DKB</hs></marc21></of:formatResponse></SOAP-ENV:Body></SOAP-ENV:Envelope>
